@article{bib:hawkes,
  author  = {Adamopoulos, L},
  title   = {Cluster models for earthquakes: Regional comparisons},
  journal = {Mathematical Geology 8},
  year    = {1976}
}

@article{meng2023dynamic,
  title     = {Dynamic covariance estimation via predictive Wishart process with an application on brain connectivity estimation},
  author    = {Meng, Rui and Yang, Fan and Kim, Won Hwa},
  journal   = {Computational Statistics \& Data Analysis},
  volume    = {185},
  pages     = {107763},
  year      = {2023},
  publisher = {Elsevier}
}

@article{Bacry2014MarketIA,
  title   = {Market Impacts and the Life Cycle of Investors Orders},
  author  = {Emmanuel Bacry and Adrianna Iuga and Matthieu Lasnier and Charles-Albert Lehalle},
  journal = {Market Microstructure and Liquidity},
  volume  = {1},
  number  = {02},
  year    = {2015}
}

@article{bib:hawkesOrigin,
  author  = {Alan G. Hawkes},
  journal = {Biometrika},
  number  = {1},
  title   = {Spectra of Some Self-Exciting and Mutually Exciting Point Processes},
  volume  = {58},
  year    = {1971}
}

@article{hawkesInFinance,
  author  = {Alan G. Hawkes},
  title   = {Hawkes processes and their applications to finance: a review},
  journal = {Quantitative Finance},
  volume  = {18},
  number  = {2},
  year    = {2018}
}

@article{ISHAM1979335,
  title    = {A self-correcting point process},
  journal  = {Stochastic Processes and their Applications},
  volume   = {8},
  number   = {3},
  year     = {1979},
  author   = {Valerie Isham and Mark Westcott},
  keywords = {Comparison method, controlled variability, count-conditional intensity, Markov birth process, point process, self-correcting}
}

@article{bib:thinning_ogata,
  author  = {Ogata, Y.},
  journal = {IEEE Transactions on Information Theory},
  title   = {On Lewis' simulation method for point processes},
  year    = {1981},
  volume  = {27},
  number  = {1}
}

@book{bib:daley,
  author    = {D.J. Daley and D. Vere-Jones},
  title     = {An Introduction to the Theory of Point Processes},
  volume    = {1},
  publisher = {Springer},
  year      = {2003}
}


% inproceedings
@inproceedings{bib:MetaTPP,
  title     = {Meta Temporal Point Processes},
  author    = {Wonho Bae and Mohamed Osama Ahmed and Frederick Tung and Gabriel L. Oliveira},
  booktitle = {International Conference on Learning Representations},
  year      = {2023}
}

@inproceedings{bib:onlineInteraction,
  author    = {Cai, Renqin and Bai, Xueying and Wang, Zhenrui and Shi, Yuling and Sondhi, Parikshit and Wang, Hongning},
  title     = {Modeling Sequential Online Interactive Behaviors with Temporal Point Process},
  year      = {2018},
  booktitle = {International Conference on Information and Knowledge Management}
}

@inproceedings{bib:node,
  title     = {Neural Ordinary Differential Equations},
  author    = {Ricky T. Q. Chen and Yulia Rubanova and Jesse Bettencourt and David Duvenaud},
  booktitle = {Neural Information Processing Systems},
  year      = {2018}
}

@inproceedings{bib:STPP,
  title     = {Neural Spatio-Temporal Point Processes.},
  author    = {Ricky T. Q. Chen and Brandon Amos and Maximilian Nickel},
  booktitle = {International Conference on Learning Representations},
  year      = {2021}
}

% booktitle에서 Proceedings of the 21th  삭제함
@inproceedings{bib:hawkesDocuments,
  author    = {Du, Nan and Farajtabar, Mehrdad and Ahmed, Amr and Smola, Alexander J. and Song, Le},
  title     = {Dirichlet-Hawkes Processes with Applications to Clustering Continuous-Time Document Streams},
  year      = {2015},
  booktitle = {ACM SIGKDD International Conference on Knowledge Discovery and Data Mining}
}

@inproceedings{bib:NJSDE,
  title     = {Neural Jump Stochastic Differential Equations},
  author    = {Junteng Jia and Austin R. Benson},
  booktitle = {Neural Information Processing Systems},
  year      = {2019}
}

@inproceedings{bib:neuralTemporalWalk,
  author    = {Jin, Ming and Li, Yuan-Fang and Pan, Shirui},
  booktitle = {Neural Information Processing Systems},
  title     = {Neural Temporal Walks: Motif-Aware Representation Learning on Continuous-Time Dynamic Graphs},
  volume    = {35},
  year      = {2022}
}

@inproceedings{bib:exploring_generative,
  author    = {Haitao Lin and Lirong Wu and Guojiang Zhao and Pai Liu and Stan Z. Li},
  title     = {Exploring Generative Neural Temporal Point Process},
  booktitle = {Transactions on Machine Learning Research},
  year      = {2022}
}

@inproceedings{bib:nhp,
  title     = {The Neural {H}awkes {P}rocess: A Neurally Self-Modulating Multivariate Point Process},
  author    = {Hongyuan Mei and Jason Eisner},
  booktitle = {Neural Information Processing Systems},
  year      = {2017}
}

@inproceedings{bib:fully_neural,
  title     = {Fully Neural Network based Model for General Temporal Point Processes},
  author    = {Takahiro Omi and Naonori Ueda and Kazuyuki Aihara},
  booktitle = {Neural Information Processing Systems},
  year      = {2019}
}

@inproceedings{bib:nonparam,
  title     = {Self-Adaptable Point Process with Nonparametric Time Decays},
  author    = {Zhimeng Pan and Zheng Wang and Jeff M. Phillips and Shandian Zhe},
  booktitle = {Neural Information Processing Systems},
  year      = {2021}
}

@inproceedings{bib:SDEGames,
  title     = {Neural Stochastic Differential Games for Time-series Analysis},
  author    = {Sungwoo Park and Byoungwoo Park and Moontae Lee and Changhee Lee},
  booktitle = {International Conference on Machine Learning},
  year      = {2023}
}

% booktitle에서 proceedings of the 39th 삭제
@inproceedings{bib:counterfactualCDE,
  title     = {Continuous-Time Modeling of Counterfactual Outcomes Using Neural Controlled Differential Equations},
  author    = {Seedat, Nabeel and Imrie, Fergus and Bellot, Alexis and Qian, Zhaozhi and van der Schaar, Mihaela},
  booktitle = {International Conference on Machine Learning},
  year      = {2022}
}

@inproceedings{bib:ifl,
  title     = {Intensity-Free Learning of Temporal Point Processes},
  author    = {Oleksandr Shchur and Marin Biloš and Stephan Günnemann},
  booktitle = {International Conference on Learning Representations},
  year      = {2020}
}

%%%% paper (저자 잘못됨 Yang -> Zuo) %%%%
@inproceedings{bib:THP,
  title     = {Transformer {H}awkes {P}rocess},
  author    = {Zuo, Simiao and Jiang, Haoming and Li, Zichong and Zhao, Tuo and Zha, Hongyuan},
  booktitle = {International Conference on Machine Learning},
  year      = {2020}
}

@inproceedings{bib:ANHP,
  title     = {Transformer Embeddings of Irregularly Spaced Events and Their Participants},
  author    = {Chenghao Yang and Hongyuan Mei and Jason Eisner},
  booktitle = {International Conference on Learning Representations},
  year      = {2022}
}

@inproceedings{bib:sahp,
  title     = {Self-Attentive {H}awkes {P}rocess},
  author    = {Qiang Zhang and Aldo Lipani and Omer Kirnap and Emine Yilmaz},
  booktitle = {International Conference on Machine Learning},
  year      = {2020}
}

@inproceedings{seismic,
  author    = {Qingyuan Zhao and Murat A. Erdogdu and Hera Y. He and Anand Rajaraman and Jure Leskovec},
  title     = {SEISMIC: A Self-Exciting Point Process Model for Predicting Tweet Popularity},
  booktitle = {ACM SIGKDD International Conference on Knowledge Discovery and Data Mining},
  year      = {2015}
}


% lectures
@misc{lec:thinning,
  author = {Yuanda Chen},
  title  = {Thinning Algorithms for Simulating Point Processes},
  year   = {2016}
}

@misc{lec:tpp_Rodriguez,
  author = {A. De and U. Upadhyay and M. Gomez-Rodriguez},
  title  = {Temporal Point Processes},
  year   = {2019}
}

@misc{snapnets,
  author = {Jure Leskovec and Andrej Krevl},
  title  = {{SNAP Datasets}: {Stanford} Large Network Dataset Collection},
  year   = 2014
}

@misc{lec:tpp,
  author = {Jakob Gulddahl Rasmussen},
  title  = {Lecture Notes: Temporal Point Processes and the Conditional Intensity Function},
  year   = {2018}
}
@inproceedings{bib:RMTPP,
  title     = {Recurrent Marked Temporal Point Processes: Embedding Event History to Vector},
  author    = {Nan Du and Hanjun Dai and Rakshit Trivedi and Utkarsh Upadhyay and Manuel Gomez-Rodriguez and Le Song.},
  booktitle = {Special Interest Group on Knowledge Discovery and Data Mining},
  year      = {2016}
}
@misc{bacry2018tick,
  title         = {Tick: a Python library for statistical learning, with a particular emphasis on time-dependent modelling},
  author        = {Emmanuel Bacry and Martin Bompaire and Stéphane Gaïffas and Soren Poulsen},
  year          = {2018},
  eprint        = {1707.03003},
  archiveprefix = {arXiv},
  primaryclass  = {stat.ML}
}
%%% final line
%%%%%%%%%%%%%%%%%%%%%%%%%%%%%%%%%%%%%%%%%%%%%%%%%%%%%
%%%%%%%%%%%%%%%%%%%%%%%%%%%%%%%%%%%%%%%%%%%%%%%%%%%%%


% 사용 안함
inproceedings{bib:survival_recommender,
  author =      {How Jing and Alexander J. Smola},
  title =       {Neural Survival Recommender},
  booktitle =     {ACM International Conference on Web Search and Data Mining},
  year =        {2017}
}




% 중복 삭제 (원래 2019 b로 cite 되어 있었음)
(ref 위치 : intro 네번째 문단 마지막 문장 끝 computation time 끝)
(ref 위치 : related works 첫문단 마지막 문장 시작)
% inproceedings{compensatorFullyNeural,
% author = {Takahiro Omi and Naonori Ueda and  Kazuyuki Aihara},
 booktitle = {Advances in Neural Information Processing Systems},
 title = {Fully Neural Network based Model for General Temporal Point Processes},
 year = {2019}
}

% 중복 삭제
(ref 위치 : related works 2번째 문단 마지막 문장 meta learning 끝)
%article{Lin2022ExploringGN,
%  title={Exploring Generative Neural Temporal Point Process},
  author={Haitao Lin and Lirong Wu and Guojiang Zhao and Pai Liu and Stan Z. Li},
  journal={Transactions on Machine Learning Research},
  year={2022},
}



% 이거 없엠 (training scheme)
% section 1의 4번째 문단 끝에 reference 있었음
%inproceedings{gruOdeBayes,
% author = {De Brouwer, Edward and Simm, Jaak and Arany, Adam and Moreau, Yves},
 booktitle = {Advances in Neural Information Processing Systems},
 title = {GRU-ODE-Bayes: Continuous Modeling of Sporadically-Observed Time Series},
 volume = {32},
 year = {2019}
}
% 얘도 4.3 training scheme에 있는데 없어졌다.
%inproceedings{latentODE,
% author = {Rubanova, Yulia and Chen, Ricky T. Q. and Duvenaud, David K},
 booktitle = {Neural Information Processing Systems},
 title = {Latent Ordinary Differential Equations for Irregularly-Sampled Time Series},
 volume = {32},
 year = {2019}
}
